<record xmlns='http://www.loc.gov/MARC21/slim'><leader>01456cim a22003492u 4500</leader><controlfield tag='001'>3602025</controlfield><controlfield tag='005'>20151214183017.0</controlfield><controlfield tag='007'>ss|lmnjluz|nuu</controlfield><controlfield tag='008'>991101s1988    nyunnn         l    eng d</controlfield><datafield ind1=' ' ind2=' ' tag='035'><subfield code='a'>(NIC)notisASF9090</subfield></datafield><datafield ind1=' ' ind2=' ' tag='035'><subfield code='a'>3602025</subfield></datafield><datafield ind1=' ' ind2=' ' tag='035'><subfield code='a'>(OCoLC)63898658</subfield></datafield><datafield ind1=' ' ind2=' ' tag='040'><subfield code='a'>NIC</subfield><subfield code='c'>NIC</subfield><subfield code='d'>NIC</subfield><subfield code='d'>NIC</subfield></datafield><datafield ind1='1' ind2=' ' tag='100'><subfield code='a'>Otto, Christian F.</subfield></datafield><datafield ind1='1' ind2='4' tag='245'><subfield code='a'>The unbearable lightness of building</subfield><subfield code='h'>[sound recording]</subfield></datafield><datafield ind1=' ' ind2=' ' tag='260'><subfield code='c'>1988.</subfield></datafield><datafield ind1=' ' ind2=' ' tag='300'><subfield code='a'>1 sound cassette (75 min.) :</subfield><subfield code='b'>analog, mono.</subfield></datafield><datafield ind1=' ' ind2=' ' tag='500'><subfield code='a'>Recorded in Ithaca, NY by Cornell University.</subfield></datafield><datafield ind1=' ' ind2=' ' tag='500'><subfield code='a'>Sponsored by: Council on the Creative and Performing Arts,Music, Department of,Russian Literature, Department of,Theatre Arts, Department of,New York Council for the Humanities.</subfield></datafield><datafield ind1=' ' ind2=' ' tag='500'><subfield code='a'>Speaker(s): Professor of Architecture.</subfield></datafield><datafield ind1=' ' ind2=' ' tag='518'><subfield code='a'>Lecture, November 12, 1988.</subfield></datafield><datafield ind1=' ' ind2=' ' tag='520'><subfield code='a'>Otto explores architecture as space through a detailed study of churches and secular buildings.</subfield></datafield><datafield ind1=' ' ind2=' ' tag='540'><subfield code='a'>No reproductions authorized.</subfield></datafield><datafield ind1=' ' ind2='0' tag='650'><subfield code='a'>Architecture</subfield><subfield code='z'>Czechoslovakia.</subfield></datafield><datafield ind1=' ' ind2='0' tag='650'><subfield code='a'>Church architecture.</subfield></datafield><datafield ind1=' ' ind2='7' tag='650'><subfield code='a'>Architecture</subfield><subfield code='2'>fast</subfield><subfield code='0'>(OCoLC)fst00813346</subfield></datafield><datafield ind1=' ' ind2='7' tag='650'><subfield code='a'>Church architecture</subfield><subfield code='2'>fast</subfield><subfield code='0'>(OCoLC)fst00860550</subfield></datafield><datafield ind1=' ' ind2='7' tag='651'><subfield code='a'>Czechoslovakia</subfield><subfield code='2'>fast</subfield><subfield code='0'>(OCoLC)fst01212490</subfield></datafield><datafield ind1=' ' ind2='0' tag='830'><subfield code='a'>Festival of Czech culture</subfield><subfield code='p'>The Baroque and the contemporary in Czech art, music, literature.</subfield></datafield><datafield ind1='1' ind2=' ' tag='899'><subfield code='a'>CULectures</subfield></datafield><datafield ind1=' ' ind2=' ' tag='905'><subfield code='a'>20000316120000.0</subfield></datafield><datafield ind1='2' ind2=' ' tag='948'><subfield code='a'>20141221</subfield><subfield code='b'>m</subfield><subfield code='d'>batch</subfield><subfield code='e'>lts</subfield><subfield code='x'>addfast</subfield></datafield></record>